@article{Hosseini2015,
    title = {{Galerkin and Generalized Least Squares finite element: A comparative study for multi-group diffusion solvers}},
    year = {2015},
    journal = {Progress in Nuclear Energy},
    author = {Hosseini, Seyed Abolfazl and Saadatian-Derakhshandeh, Farahnaz},
    pages = {473--490},
    volume = {85},
    publisher = {Elsevier Ltd},
    url = {http://dx.doi.org/10.1016/j.pnucene.2015.07.009},
    doi = {10.1016/j.pnucene.2015.07.009},
    issn = {01491970},
    keywords = {Adjoint flux, Finite element method, Galerkin, Gambit, Generalized Least Squares, Neutron flux, Unstructured triangular finite elements}
}

@article{Hosseini2016,
    title = {{Development of Galerkin Finite Element Method Three-dimensional Computational Code for the Multigroup Neutron Diffusion Equation with Unstructured Tetrahedron Elements}},
    year = {2016},
    journal = {Nuclear Engineering and Technology},
    author = {Hosseini, Seyed Abolfazl},
    number = {1},
    pages = {43--54},
    volume = {48},
    doi = {10.1016/j.net.2015.10.009},
    issn = {2234358X},
    keywords = {Finite element method, Forward/adjoint fluxes, Galerkin, Gambit, Power distribution, Unstructured tetrahedron elements}
}

@article{Heo2018,
    title = {{Diffusion-Based Finite Element Method to Estimate the Reactivity Changes due to Core Deformation in an SFR}},
    year = {2018},
    journal = {Nuclear Science and Engineering},
    author = {Heo, Woong and Kim, Yonghee},
    number = {1},
    pages = {41--55},
    volume = {189},
    publisher = {Taylor {\&} Francis},
    url = {https://www.tandfonline.com/doi/full/10.1080/00295639.2017.1373516},
    doi = {10.1080/00295639.2017.1373516},
    issn = {0029-5639},
    keywords = {assembly deformation, in color only in, note, reactivity changes, sodium-cooled fast reactor, some figures may be, the electronic version}
}

@article{Hosseini2017,
    title = {{Sensitivity Analysis of the Galerkin Finite Element Method Neutron Diffusion Solver to the Shape of the Elements}},
    year = {2017},
    journal = {Nuclear Engineering and Technology},
    author = {Hosseini, Seyed Abolfazl},
    number = {1},
    pages = {29--42},
    volume = {49},
    publisher = {Elsevier Ltd},
    url = {http://dx.doi.org/10.1016/j.net.2016.08.006},
    doi = {10.1016/j.net.2016.08.006},
    issn = {2234358X},
    keywords = {Galerkin Finite Element Method, Linear, Quadrilateral, Second Approximation, Shape Function, Triangle}
}

@article{Gonzalez-Pintor2009,
    title = {{High Order Finite Element Method for the Lambda modes problem on hexagonal geometry}},
    year = {2009},
    journal = {Annals of Nuclear Energy},
    author = {Gonz{\'{a}}lez-Pintor, S. and Ginestar, D. and Verd{\'{u}}, G.},
    number = {9},
    pages = {1450--1462},
    volume = {36},
    publisher = {Elsevier Ltd},
    url = {http://dx.doi.org/10.1016/j.anucene.2009.07.003},
    doi = {10.1016/j.anucene.2009.07.003},
    issn = {03064549}
}

@article{Ryu2011,
    title = {{Finite Element Method Solution of Simplified P 3 Equation for Flexible Geometry Handling}},
    year = {2011},
    journal = {International Conference on Mathematics and Computational Methods Applied to Nuclear Science and Engineering (M{\&}C 2011)},
    author = {Ryu, Eun Hyun and Joo, Han Gyu},
    pages = {1--14},
    isbn = {9788563688002},
    keywords = {FEM, GMSH, Krylov method, SP3 equation, arbitrary geometry, quadratic mapping}
}

@article{Hosseini2013,
    title = {{Development of two-dimensional, multigroup neutron diffusion computer code based on GFEM with unstructured triangle elements}},
    year = {2013},
    journal = {Annals of Nuclear Energy},
    author = {Hosseini, Seyed Abolfazl and Vosoughi, Naser},
    pages = {213--226},
    volume = {51},
    publisher = {Elsevier Ltd},
    url = {http://dx.doi.org/10.1016/j.anucene.2012.07.032},
    doi = {10.1016/j.anucene.2012.07.032},
    issn = {03064549},
    keywords = {Adjoint flux, Finite Element Method, Forward flux, Galerkin, Gambit, Unstructured triangle finite elements}
}

@article{Ryu2013,
    title = {{Finite element method solution of the simplified P3equations for general geometry applications}},
    year = {2013},
    journal = {Annals of Nuclear Energy},
    author = {Ryu, Eun Hyun and Joo, Han Gyu},
    pages = {194--207},
    volume = {56},
    publisher = {Elsevier Ltd},
    url = {http://dx.doi.org/10.1016/j.anucene.2013.01.008},
    doi = {10.1016/j.anucene.2013.01.008},
    issn = {03064549},
    keywords = {Arbitrary geometry, Fast neutron systems, Finite element method, Selective quadratic mapping, Simplified P3equation}
}

@article{Hebert2008,
    title = {{A Raviart-Thomas-Schneider solution of the diffusion equation in hexagonal geometry}},
    year = {2008},
    journal = {Annals of Nuclear Energy},
    author = {H{\'{e}}bert, Alain},
    number = {3},
    pages = {363--376},
    volume = {35},
    doi = {10.1016/j.anucene.2007.07.016},
    issn = {03064549}
}

@article{WoodDe1984,
    title = {{A multigroup finite element solution of the neutron transport equation-I}},
    year = {1984},
    journal = {Annals of Nuclear Energy},
    author = {Wood, De, J. and Oliveira, C.},
    number = {5},
    pages = {229--243},
    volume = {11}
}

@article{Maiani2004,
    title = {{A Galerkin approach to the boundary element-response matrix method for the multigroup neutron diffusion equations}},
    year = {2004},
    journal = {Annals of Nuclear Energy},
    author = {Maiani, M. and Montagnini, B.},
    number = {13},
    pages = {1447--1475},
    volume = {31},
    doi = {10.1016/j.anucene.2004.04.003},
    issn = {03064549}
}

@misc{computerLab,
    title = {{The Finite Element Method}},
    year = {2005},
    author = {Engblom, Stefan},
    pages = {8},
    publisher = {Uppsala University},
    url = {http://www.it.uu.se/edu/course/homepage/finmet2/vt14/material/Lab1.pdf}
}

@article{gaussianQuadrature,
    title = {{Gaussian Quadrature Weights and Abscissae}},
    year = {2011},
    author = {Kamermans, Mike},
    url = {https://pomax.github.io/bezierinfo/legendre-gauss.html}
}

@misc{triangleQuadrature,
    title = {{Quadrature Formulas in Two Dimensions}},
    year = {2010},
    author = {Deng, Shaozhong},
    pages = {1--19}
}

@article{Kavenoky1977ASections,
    title = {{A Finite Element Depletion Diffusion Calculation Method with Space-Dependent Cross Sections}},
    year = {1977},
    journal = {Nuclear Science and Engineering},
    author = {Kavenoky, Alain and Lautard, Jean-Jacques},
    number = {2},
    month = {10},
    pages = {563--575},
    volume = {64},
    url = {http://www.tandfonline.com/doi/pdf/10.13182/NSE77-A27390 https://www.tandfonline.com/doi/full/10.13182/NSE77-A27390},
    doi = {10.13182/NSE77-A27390},
    issn = {0029-5639}
}

@article{OMalley2018DiscontinuousApproximation,
    title = {{Discontinuous Galerkin spatial discretisation of the neutron transport equation with pyramid finite elements and a discrete ordinate (SN) angular approximation}},
    year = {2018},
    journal = {Annals of Nuclear Energy},
    author = {Oâ€™Malley, B. and K{\'{o}}ph{\'{a}}zi, J. and Eaton, M.D. and Badalassi, V. and Warner, P. and Copestake, A.},
    month = {3},
    pages = {526--535},
    volume = {113},
    publisher = {Pergamon},
    url = {https://www.sciencedirect.com/science/article/pii/S0306454917303870?via%3Dihub#},
    doi = {10.1016/J.ANUCENE.2017.11.003},
    issn = {0306-4549}
}

@techreport{AmericanNuclearSociety1977ArgonneANL-7416Suppl.2,
    title = {{Argonne Code Center: benchmark problem book, ANL-7416(Suppl.2)}},
    year = {1977},
    author = {{American Nuclear Society} and {Argonne National Laboratory}},
    number = {June},
    url = {http://www.corephysics.com/benchmarks/anl7416_benchmark15.pdf},
    doi = {10.2172/5037820}
}

@book{Kelley1995IterativeEquations,
    title = {{Iterative Methods for Linear and Nonlinear Equations}},
    year = {1995},
    author = {Kelley, C T},
    number = {11},
    pages = {pp. 166},
    volume = {16},
    url = {http://link.aip.org/link/doi/10.1137/1.9781611970944},
    isbn = {9780898713527},
    doi = {10.1137/1.9781611970944},
    issn = {0-89871-352-8},
    pmid = {32778314}
}