@article{einstein1935particle,
  title={{The particle problem in the general theory of relativity}},
  author={Einstein, A. and Rosen, N.},
  journal={Physical Review},
  volume={48},
  number={1},
  pages={73--77},
  year={1935},
  publisher={APS}
}

@book{golub1996matrix,
  title={{Matrix computations}},
  author={Golub, G.H. and Van Loan, C.F.},
  year={1996},
  publisher={Johns Hopkins Univ Pr}
}

@article{larsen1974asymptotic,
  title={{Asymptotic solution of neutron transport problems for small mean free
    paths}},
  author={Larsen, E.W. and Keller, J.B.},
  journal={Journal of Mathematical Physics},
  volume={15},
  pages={75},
  year={1974}
}

@book{duderstathamilton,
  author={Duderstadt, James J. and Hamilton, Louis J.},
  year={1976},
  title={Nuclear Reactor Analysis},
  publisher={Wiley},
  address={New York},
  //note={ID: NCSU284217; Formats: Book; xvii, 650 p. : ill. ; 26 cm.; M2: OCLC 
  //  Number: 1529401; Includes bibliographical references and index.},
  isbn={0471223638},
  url={http://www2.lib.ncsu.edu/catalog/record/NCSU284217},
}